
@misc {Google,
    author = "Larry Page and Sergey Brin",
    title  = "Google",
    month  = "set",
    year   = "1998",
    urlaccessdate = {14 abr. 2021},
    howpublished ="\url{https://www.google.com/}"
}


@misc {spec_2017,
    author = "SPEC",
    title  = "SPEC - Standard Performance Evaluation Corporation",
    month  = "may",
    year   = "2023",
    urlaccessdate = {06 may. 2023},
    howpublished ="\url{https://www.spec.org/cpu2017}"
}

https://www.spec.org/cpu2017/Docs/install-guide-unix.html#mount

